% Encoding: UTF-8


@Book{apuntes,
  author    = {Caballero Muñoz-Reja, Ismael and Pérez del Castillo, Ricardo},
  title     = {Apuntes de Ingeniería del Software II},
  year      = {2019},
  language  = {spanish},
  publisher = {Grado en Ingeniería Informática (Ciudad Real) - UCLM},
  langid    = {spanish},
}

@WWW{googleclassroomyoutube,
  author    = {princippia},
  title     = {Empieza a usar Google Classroom en 5 pasos},
  year      = {2015},
  url       = {https://www.youtube.com/watch?v=lzqex0u7850},
  language  = {spanish},
}

@WWW{googleclassroom,
  author    = {Google},
  title     = {Google Classroom},
  year      = {2015},
  url       = {https://classroom.google.com/},
  language  = {spanish},
}


@WWW{educamosclmyoutube,
  author    = {Paco Soria},
  title     = {Crear exámenes - EducamosCLM},
  year      = {2020},
  url       = {https://www.youtube.com/watch?v=ZE1uGlDXzok},
  language  = {spanish},
}

@WWW{educamosclm,
  author    = {},
  title     = {EducamosCLM},
  year      = {2020},
  url       = {https://educamosclm.castillalamancha.es/},
  language  = {spanish},
}


@WWW{additioyoutube,
  author    = {Additio},
  title     = {Additio App - Productos},
  year      = {2017},
  url       = {https://www.youtube.com/watch?v=ZE1uGlDXzok},
  language  = {spanish},
}

@WWW{additio,
  author    = {Additio},
  title     = {Additio - Cuaderno de notas para el profesor},
  year      = {2017},
  url       = {https://www.additioapp.com/es},
  language  = {spanish},
}

@WWW{iconsforfree,
  author    = {Icons for free},
  title     = {Icons for free},
  year      = {2021},
  url       = {https://icons-for-free.com/},
  language  = {english},
}


@WWW{disquete,
  author    = {Sajid Saiyed},
  title     = {The "Save icon debate"},
  year      = {2013},
  url       = {https://sajidsaiyed.medium.com/the-save-icon-debate-fa376df3a9c6},
  language  = {english},
}


@WWW{excelicon,
  author    = {Microsoft},
  title     = {Microsoft Excel},
  year      = {2017},
  url       = {https://www.microsoft.com/es-es/microsoft-365/excel},
  language  = {english},
}

@WWW{jfreechart,
  author    = {David Gilbert},
  title     = {JFreeChart},
  year      = {2021},
  url       = {https://www.jfree.org/jfreechart/},
  language  = {english},
}

@WWW{apachepoi,
  author    = {The Apache Foundation},
  title     = {Apache Poi},
  year      = {2021},
  url       = {https://poi.apache.org/},
  language  = {english},
}

@WWW{procreate,
  author    = {Procreate},
  title     = {Procreate},
  year      = {2021},
  url       = {https://procreate.art/},
  language  = {english},
}

@WWW{mysql,
  author    = {MySQL},
  title     = {MySQL Workbench},
  year      = {2021},
  url       = {https://www.mysql.com/products/workbench/},
  language  = {english},
}

@WWW{appdiagrams,
  author    = {AppDiagrams},
  title     = {AppDiagrams},
  year      = {2021},
  url       = {https://app.diagrams.net/},
  language  = {english},
}

@WWW{texmaker,
  author    = {Pascal Brachet},
  title     = {TexMaker},
  year      = {2021},
  url       = {https://www.xm1math.net/texmaker/},
  language  = {spanish},
}

@WWW{overleaf,
  author    = {Overleaf},
  title     = {Overleaf},
  year      = {2021},
  url       = {https://es.overleaf.com/},
  language  = {spanish},
}

@WWW{netbeans,
  author    = {The Apache Foundation},
  title     = {NetBeans},
  year      = {2021},
  url       = {https://netbeans.apache.org/},
  language  = {english},
}

@WWW{paintnet,
  author    = {dotPDN LLC},
  title     = {Paint.net},
  year      = {2021},
  url       = {https://www.getpaint.net/},
  language  = {english},
}

@WWW{tablesgenerator,
  author    = {TablesGenerator},
  title     = {tablesgenerator},
  year      = {2021},
  url       = {https://www.tablesgenerator.com/},
  language  = {english},
}

@WWW{java,
  author    = {Oracle},
  title     = {Java},
  year      = {2021},
  url       = {https://www.java.com/es/},
  language  = {spanish},
}

@WWW{balsamiq,
  author    = {Balsamiq},
  title     = {Balsamiq Wireframes},
  year      = {2021},
  url       = {https://balsamiq.com/wireframes/},
  language  = {english},
}

@WWW{github,
  author    = {GitHub},
  title     = {GitHub},
  year      = {2021},
  url       = {https://github.com/},
  language  = {english},
}

@WWW{git,
  author    = {Git},
  title     = {Git},
  year      = {2021},
  url       = {https://git-scm.com/},
  language  = {english},
}



@article{pud,
  title={Estructura b{\'a}sica del proceso unificado de desarrollo de software},
  author={Gil, Robin Alberto Castro},
  journal={Sistemas y Telem{\'a}tica},
  volume={2},
  number={3},
  pages={29--41},
  year={2004}
}

@article{fletcher2020digital,
  title={Digital transformation during a lockdown},
  author={Fletcher, Gordon and Griffiths, Marie},
  journal={International Journal of Information Management},
  volume={55},
  pages={102--185},
  year={2020},
  publisher={Elsevier}
}

@inproceedings{bogdandy2020digital,
  title={Digital transformation in education during covid-19: A case study},
  author={Bogdandy, Bence and Tamas, Judit and Toth, Zsolt},
  booktitle={2020 11th IEEE International Conference on Cognitive Infocommunications (CogInfoCom)},
  pages={000173--000178},
  year={2020},
  organization={IEEE}
}

@WWW{hashmap,
  author    = {baeldung},
  title     = {TreeMap vs HashMap},
  year      = {2020},
  url       = {https://www.baeldung.com/java-treemap-vs-hashmap},
  language  = {english},
}



@Comment{jabref-meta: databaseType:biblatex;}
